<record xmlns='http://www.loc.gov/MARC21/slim'
><leader
  >02923ntm a2200469Ii 4500</leader
  ><controlfield tag='001'
  >991058301967606011</controlfield
  ><controlfield tag='005'
  >20220527115038.0</controlfield
  ><controlfield tag='008'
  >220506q14001499it            000 0 eng d</controlfield
  ><datafield ind1=' ' ind2=' ' tag='035'
  ><subfield code='a'
    >(OCoLC)1314385446h</subfield
    ></datafield
  ><datafield ind1=' ' ind2=' ' tag='035'
  ><subfield code='a'
    >(OCoLC)on1314385446h</subfield
    ></datafield
  ><datafield ind1=' ' ind2=' ' tag='040'
  ><subfield code='a'
    >HRH</subfield
    ><subfield code='b'
    >eng</subfield
    ><subfield code='e'
    >dcrmmss</subfield
    ><subfield code='c'
    >HRH</subfield
    ></datafield
  ><datafield ind1=' ' ind2=' ' tag='041'
  ><subfield code='a'
    >ita</subfield
    ></datafield
  ><datafield ind1=' ' ind2=' ' tag='049'
  ><subfield code='a'
    >HRHH</subfield
    ></datafield
  ><datafield ind1=' ' ind2='9' tag='099'
  ><subfield code='a'
    >MS 3327, Container 38</subfield
    ></datafield
  ><datafield ind1='0' ind2='0' tag='245'
  ><subfield code='a'
    >Epistolae in the Italian translation of Bartolomeo Fontio of Florence (1445-1513)</subfield
    ><subfield code='k'
    >manuscript.</subfield
    ></datafield
  ><datafield ind1=' ' ind2=' ' tag='260'
  ><subfield code='a'
    >Italy ;</subfield
    ><subfield code='c'
    >15th century</subfield
    ></datafield
  ><datafield ind1=' ' ind2=' ' tag='300'
  ><subfield code='a'
    >72 leaves :</subfield
    ><subfield code='b'
    >parchment,</subfield
    ><subfield code='c'
    >26 x 18 cm</subfield
    ></datafield
  ><datafield ind1=' ' ind2=' ' tag='336'
  ><subfield code='a'
    >text</subfield
    ><subfield code='b'
    >txt</subfield
    ><subfield code='2'
    >rdacontent</subfield
    ></datafield
  ><datafield ind1=' ' ind2=' ' tag='337'
  ><subfield code='a'
    >unmediated</subfield
    ><subfield code='b'
    >n</subfield
    ><subfield code='2'
    >rdamedia</subfield
    ></datafield
  ><datafield ind1=' ' ind2=' ' tag='338'
  ><subfield code='a'
    >volume</subfield
    ><subfield code='b'
    >nc</subfield
    ><subfield code='2'
    >rdacarrier</subfield
    ></datafield
  ><datafield ind1=' ' ind2=' ' tag='500'
  ><subfield code='a'
    >Title devised by cataloger.</subfield
    ></datafield
  ><datafield ind1=' ' ind2=' ' tag='500'
  ><subfield code='a'
    >Decoration includes space left for an unexecuted coat of arms, red and blue initials throughout.</subfield
    ></datafield
  ><datafield ind1=' ' ind2=' ' tag='500'
  ><subfield code='a'
    >Humanistic cursive script</subfield
    ></datafield
  ><datafield ind1=' ' ind2=' ' tag='500'
  ><subfield code='a'
    >Layout is 28 long lines ruled in ink.</subfield
    ></datafield
  ><datafield ind1=' ' ind2=' ' tag='506'
  ><subfield code='a'
    >Unrestricted in reading room, but coach user: fragile binding, sewing is broken; open only to 90°, use book supports; available for classroom use in exhibit case only.</subfield
    ></datafield
  ><datafield ind1=' ' ind2=' ' tag='500'
  ><subfield code='a'
    >The Epistolae of Pseudo-Phalaris were translated into Latin by Francesco Aretino (1418-1485) and others, and circulated widely in the Renaissance.</subfield
    ></datafield
  ><datafield ind1=' ' ind2=' ' tag='590'
  ><subfield code='a'
    >MS 3327, Container 38: Bookplate of the Rev. Walter Sneyd (1809-1888) of Cheverels, Hertfordshire; acquired by the Ransom Center in 1963 with the Illuminated Manuscripts Collection from New York bookseller, Lew David Feldman (House of El Dieff). Detached front board. Binding (Italy, 15th c?): Full brown tanned calfskin over wood boards. Pulled-over caps, tight back over sewing supports, all edged cut, gilded. Extensively blind-tooled front and back covers; blind-tooling on spine (no title). Sewn all-along on four alum-tawed split thongs laced on boards. Endbands sewn on parchment spine lining (transverse?) on alum-tawed cores laced on. Endleaf components:  front  sewn plain parchment fold, making pastedown, free endleaf; back same. Failed repair at head and tail of spine.</subfield
    ></datafield
  ><datafield ind1=' ' ind2=' ' tag='590'
  ><subfield code='a'
    >A digital surrogate of Ransom Center copy MS 3327, Container 38 is available through the Digital Scriptorium.</subfield
    ></datafield
  ><datafield ind1=' ' ind2='7' tag='655'
  ><subfield code='a'
    >Correspondence.</subfield
    ><subfield code='2'
    >rbgenr</subfield
    ></datafield
  ><datafield ind1=' ' ind2='7' tag='655'
  ><subfield code='a'
    >Illuminated manuscripts.</subfield
    ><subfield code='2'
    >aat</subfield
    ></datafield
  ><datafield ind1='1' ind2=' ' tag='790'
  ><subfield code='a'
    >Sneyd, Walter, 1809-1888,</subfield
    ><subfield code='e'
    >former owner.</subfield
    ></datafield
  ><datafield ind1='1' ind2=' ' tag='790'
  ><subfield code='a'
    >Feldman, Lew David,</subfield
    ><subfield code='e'
    >seller.</subfield
    ></datafield
  ><datafield ind1='2' ind2=' ' tag='791'
  ><subfield code='a'
    >Medieval and Early Modern Manuscripts Collection.</subfield
    ></datafield
  ><datafield ind1=' ' ind2=' ' tag='752'
  ><subfield code='a'
    >Italy,</subfield
    ><subfield code='e'
    >producation place.</subfield
    ></datafield
  ><datafield ind1='4' ind2='0' tag='856'
  ><subfield code='u'
    >http://ds.lib.berkeley.edu/HRC038_37</subfield
    ><subfield code='y'
    >Digital copy for MS 3327, Container 38</subfield
    ></datafield
  ><datafield ind1='1' ind2=' ' tag='979'
  ><subfield code='a'
    >Sneyd, Walter, 1809-1888,</subfield
    ><subfield code='e'
    >former owner.</subfield
    ></datafield
  ><datafield ind1='1' ind2=' ' tag='979'
  ><subfield code='a'
    >Feldman, Lew David,</subfield
    ><subfield code='e'
    >seller.</subfield
    ></datafield
  ><datafield ind1='2' ind2=' ' tag='979'
  ><subfield code='a'
    >Medieval and Early Modern Manuscripts Collection.</subfield
    ></datafield
  ><datafield ind1='1' ind2=' ' tag='979'
  ><subfield code='a'
    >Sneyd, Walter, 1809-1888,</subfield
    ><subfield code='e'
    >former owner.</subfield
    ></datafield
  ><datafield ind1='1' ind2=' ' tag='979'
  ><subfield code='a'
    >Feldman, Lew David,</subfield
    ><subfield code='e'
    >seller.</subfield
    ></datafield
  ><datafield ind1='2' ind2=' ' tag='979'
  ><subfield code='a'
    >Medieval and Early Modern Manuscripts Collection.</subfield
    ></datafield
  ><datafield ind1=' ' ind2=' ' tag='994'
  ><subfield code='a'
    >C0</subfield
    ><subfield code='b'
    >HRH</subfield
    ></datafield
  ></record
>